<record><leader>00000cas a22000007a 4500</leader><controlfield tag="001">17244685</controlfield><controlfield tag="008">871216d19291931inuwr ne      0    0eng d</controlfield><datafield ind1=" " ind2=" " tag="010"><subfield code="a">sn 87056738 </subfield></datafield><datafield ind1=" " ind2=" " tag="040"><subfield code="a">NPI</subfield><subfield code="b">eng</subfield><subfield code="c">NPI</subfield><subfield code="d">OCLCQ</subfield></datafield><datafield ind1=" " ind2=" " tag="042"><subfield code="a">msc</subfield></datafield><datafield ind1="0" ind2=" " tag="130"><subfield code="a">Hebron herald (Hebron, Ind. : 1929)</subfield></datafield><datafield ind1="1" ind2="4" tag="245"><subfield code="a">The Hebron herald.</subfield></datafield><datafield ind1=" " ind2=" " tag="260"><subfield code="a">Hebron, Ind. :</subfield><subfield code="b">F.P. Gould,</subfield><subfield code="c">1929-1931.</subfield></datafield><datafield ind1=" " ind2=" " tag="310"><subfield code="a">Weekly</subfield></datafield><datafield ind1="0" ind2=" " tag="362"><subfield code="a">Vol. 1, no. 1 (Jan. 25, 1929)-v. 3, no. 13 (Apr. 17, 1931).</subfield></datafield><datafield ind1=" " ind2=" " tag="500"><subfield code="a">"Independent."</subfield></datafield><datafield ind1=" " ind2=" " tag="752"><subfield code="a">United States</subfield><subfield code="b">Indiana</subfield><subfield code="c">Porter</subfield><subfield code="d">Hebron.</subfield></datafield><datafield ind1="0" ind2="0" tag="785"><subfield code="t">Porter County herald</subfield><subfield code="w">(DLC)sn 86058320</subfield></datafield></record>